@misc{linkedin,
	howpublished = {\url{http://www.linkedin.com/home}},
	title = {{L}inked{I}n}}

@misc{facebook,
	howpublished = {\url{https://www.facebook.com/}},
	title = {{F}acebook}}

@misc{google,
	howpublished = {\url{http://www.google.com/}},
	title = {{G}oogle}}

@misc{rspec-overview,
	howpublished = {\url{http://rspec.info/}},
	title = {{RS}pec}}

@misc{jasminerice,
	howpublished = {\url{https://github.com/bradphelan/jasminerice}},
	title = {jasminerice}}

@misc{guard,
	howpublished = {\url{https://github.com/guard/guard-rspec}},
	title = {{RS}pec {G}uard}}

@misc{factory-girl,
	howpublished = {\url{https://github.com/thoughtbot/factory_girl_rails}},
	title = {factory\_girl}}

@misc{github,
	howpublished = {\url{https://github.com/}},
	title = {{G}it{H}ub}}

@misc{rspec,
	howpublished = {\url{http://rubydoc.info/gems/rspec-rails/frames}},
	title = {{RS}pec}}

@misc{doc-cpp,
	howpublished = {\url{http://www.doc.ic.ac.uk/cpp/}},
	title = {{D}epartment of {C}omputing {C}orporate {P}artnership {P}rogram}}

@misc{doc-ug-degrees,
	howpublished = {\url{http://www3.imperial.ac.uk/computing/admissions/ug}},
	title = {{D}epartment of {C}omputing {C}orporate {U}ndergraduate {D}egrees}}

@misc{git,
	howpublished = {\url{http://git-scm.com/}},
	title = {{G}it}}

@misc{ror,
	howpublished = {\url{http://rubyonrails.org/}},
	title = {{R}uby on {R}ails}}

@misc{bootstrap,
	howpublished = {\url{http://twitter.github.com/bootstrap/}},
	title = {{T}witter {B}ootstrap}}

@misc{backbone,
	howpublished = {\url{http://backbonejs.org/}},
	title = {backbone.js}}

@misc{coffeescript,
	howpublished = {\url{http://coffeescript.org/}},
	title = {{C}offee{S}cript}}

@misc{gems,
	howpublished = {\url{http://rubygems.org/}},
	title = {{R}uby {G}ems}}

@misc{cantango,
	howpublished = {\url{https://github.com/kristianmandrup/cantango}},
	title = {{C}an{T}ango}}

@misc{paperclip,
	howpublished = {\url{https://github.com/thoughtbot/paperclip}},
	title = {{P}aperclip}}

@misc{s3,
	howpublished = {\url{http://docs.amazonwebservices.com/AWSSdkDocsRuby/latest/DeveloperGuide/ruby-dg-setup.html}},
	title = {{AWS SDK}}}

@misc{tags,
	howpublished = {\url{https://github.com/mbleigh/acts-as-taggable-on}},
	title = {{A}cts{A}s{T}aggable{O}n}}

@misc{so_model_save,
	howpublished = {\url{http://stackoverflow.com/questions/14089679/backbone-model-saving-validation-fails/14093068#14093068}},
	title = {{S}tack {O}verflow {B}ackbone {M}odel {S}aving {V}alidation {F}ailure}}

@misc{so_save_all_fields,
	howpublished = {\url{http://stackoverflow.com/questions/5757555/how-do-i-trigger-the-success-callback-on-a-model-save}},
	title = {{S}tack {O}verflow {S}ave {A}ll {M}odel {F}ields}}

@misc{backbone_code,
	howpublished = {\url{http://documentcloud.github.com/backbone/docs/backbone.html#section-57}},
	title = {{B}ackbone {C}ode {D}ocumentaion}}


@misc{backbone_change_log,
	howpublished = {\url{https://github.com/documentcloud/backbone/compare/0.9.2...0.9.9}},
	title = {{B}ackbone {C}hanelong v0.9.2-0.9.9}}

@misc{skype,
	howpublished = {\url{http://skype.com}},
	title = {{S}kype}}

@misc{trello,
	howpublished = {\url{https://trello.com/}},
	title = {{T}rello}}

@misc{sublime,
	howpublished = {\url{http://www.sublimetext.com/}},
	title = {{S}ublime {T}ext {E}ditor}}

@misc{sublime_pm,
	howpublished = {\url{http://wbond.net/sublime_packages/package_control}},
	title = {{S}ublime {P}ackager {M}anager}}

@misc{circleci,
	howpublished = {\url{https://circleci.com/}},
	title = {{C}ircle{C}i}}

@misc{paranoid_gem,
	howpublished = {\url{https://github.com/goncalossilva/rails3_acts_as_paranoid}},
	title = {rails3\_acts\_as\_paranoid\_gem}}

@misc{sinon,
	howpublished = {\url{http://sinonjs.org/}},
	title = {{S}inon.{JS}}}

@misc{rspec_mocks,
	howpublished = {\url{https://relishapp.com/rspec/rspec-mocks/docs}},
	title = {{RS}pec {M}ocks}}

@misc{mock_quote,
	howpublished = {\url{http://en.wikipedia.org/wiki/Mock_object#Use_in_test-driven_development}},
	title = {{W}ikipedia {M}ock {O}bjects}}

@misc{heroku,
	howpublished = {\url{http://www.heroku.com/}},
	title = {{H}eroku}}

@misc{rake,
	howpublished = {\url{http://rake.rubyforge.org/}},
	title = {{RAKE} -- {R}uby {M}ake}}