%% This BibTeX bibliography file was created using BibDesk.
%% http://bibdesk.sourceforge.net/


%% Created for Sarah Tattersall at 2013-01-04 18:04:45 +0000 


%% Saved with string encoding Unicode (UTF-8) 



@misc{linkedin,
	Date-Added = {2013-01-04 17:05:37 +0000},
	Date-Modified = {2013-01-04 18:03:21 +0000},
	howpublished = {\url{http://www.linkedin.com/home}},
	title = {LinkedIn}}

@misc{facebook,
	Date-Added = {2013-01-04 17:03:37 +0000},
	Date-Modified = {2013-01-04 18:03:26 +0000},
	howpublished = {\url{https://www.facebook.com/}},
	title = {Facebook}}

@misc{google,
	Date-Added = {2013-01-04 17:03:35 +0000},
	Date-Modified = {2013-01-04 18:03:32 +0000},
	howpublished = {\url{http://www.google.com/}},
	title = {Google}}

@misc{rspec-overview,
	Date-Added = {2013-01-04 12:43:30 +0000},
	Date-Modified = {2013-01-04 18:03:41 +0000},
	howpublished = {\url{http://rspec.info/}},
	title = {RSpec}}

@misc{jasminerice,
	Date-Added = {2013-01-04 12:34:54 +0000},
	Date-Modified = {2013-01-04 18:03:48 +0000},
	howpublished = {\url{https://github.com/bradphelan/jasminerice}},
	title = {jasminerice}}

@misc{guard,
	Date-Added = {2013-01-04 12:28:47 +0000},
	Date-Modified = {2013-01-04 18:03:56 +0000},
	howpublished = {\url{https://github.com/guard/guard-rspec}},
	title = {RSpec Guard}}

@misc{factory-girl,
	Date-Added = {2013-01-04 12:12:52 +0000},
	Date-Modified = {2013-01-04 18:04:45 +0000},
	howpublished = {\url{https://github.com/thoughtbot/factory_girl_rails}},
	title = {factory\_girl}}

@misc{github,
	Date-Added = {2013-01-04 12:12:25 +0000},
	Date-Modified = {2013-01-04 18:04:09 +0000},
	howpublished = {\url{https://github.com/}},
	title = {Github}}

@misc{rspec,
	Date-Added = {2013-01-04 11:39:22 +0000},
	Date-Modified = {2013-01-04 18:04:14 +0000},
	howpublished = {\url{http://rubydoc.info/gems/rspec-rails/frames}},
	title = {RSpec}}

@misc{doc-cpp,
	Date-Added = {2013-01-04 11:38:35 +0000},
	Date-Modified = {2013-01-04 18:04:19 +0000},
	howpublished = {\url{http://www.doc.ic.ac.uk/cpp/}},
	title = {Department of Computing Corporate Partnership Program}}

@misc{git,
	Date-Added = {2013-01-02 22:46:33 +0000},
	Date-Modified = {2013-01-04 18:04:23 +0000},
	howpublished = {\url{http://git-scm.com/}},
	title = {Git}}
